%! Author = bden
%! Date = 11/3/22

