%! Author = bden
%! Date = 10/2/22

@article{siegel2019cancer,
  title={Cancer statistics, 2019},
  author={Siegel, Rebecca L and Miller, Kimberly D and Jemal, Ahmedin},
  journal={CA: a cancer journal for clinicians},
  volume={69},
  number={1},
  pages={7--34},
  year={2019},
  publisher={Wiley Online Library}
}

@misc{walsh2013gleason,
  title={The Gleason grading system: a complete guide for pathologists and clinicians},
  author={Walsh, Patrick C},
  year={2013},
  publisher={Wolters Kluwer Philadelphia, PA}
}

@book{de_smith_geospatial_2018,
	edition = {6},
	title = {Geospatial {Analysis} - {A} {Comprehensive} {Guide} to {Principles} {Techniques} and {Software} {Tools}},
	isbn = {978-1-912556-03-8},
	url = {https://www.spatialanalysisonline.com/},
	language = {english},
	publisher = {Drumlin Security Ltd},
	author = {de Smith, Michael and Goodchild, Michael and Longley, Paul},
	month = may,
	year = {2018},
}

@book{dutilleul2011spatio,
  title={Spatio-temporal heterogeneity: Concepts and analyses},
  author={Dutilleul, Pierre},
  year={2011},
  publisher={Cambridge University Press}
}
